@article{crowdflower2016,
  title={Data Science Report},
  author={{CrowdFlower}},
  journal={CrowdFlower Data Science Report},
  year={2016},
  url={https://visit.figure-eight.com/rs/416-ZBE-142/images/CrowdFlower_DataScienceReport_2016.pdf},
  note={Accessed: 2025-01-15}
}

@book{shadygrove2017,
  title={Machine Learning for Data Analysis},
  author={Yousefi, Bardia},
  year={2017},
  publisher={The Universities at Shady Grove Pressbooks Network},
  url={https://shadygrove.pressbooks.pub/mlda/chapter/introduction-to-machine-learning/},
  note={Accessed: 2025-01-15}
}

@article{forbes2016,
  title={Cleaning Big Data: Most Time-Consuming, Least Enjoyable Data Science Task, Survey Says},
  author={Press, Gil},
  journal={Forbes},
  year={2016},
  url={https://www.forbes.com/sites/gilpress/2016/03/23/data-preparation-most-time-consuming-least-enjoyable-data-science-task-survey-says/},
  note={Accessed: 2025-01-15}
}

@article{ibm2017,
  title={The Four V's of Big Data},
  author={{IBM}},
  journal={IBM Big Data Hub},
  year={2017},
  url={https://www.ibm.com/analytics/big-data-analytics},
  note={Accessed: 2025-01-15}
}

@article{harris2011,
  title={Array programming with NumPy},
  author={Harris, Charles R and others},
  journal={Nature},
  volume={585},
  number={7825},
  pages={357--362},
  year={2020},
  publisher={Nature Publishing Group}
}

@article{pedregosa2011,
  title={Scikit-learn: Machine learning in Python},
  author={Pedregosa, Fabian and others},
  journal={Journal of machine learning research},
  volume={12},
  number={Oct},
  pages={2825--2830},
  year={2011}
}

@article{reimers2019,
  title={Sentence-BERT: Sentence Embeddings using Siamese BERT-Networks},
  author={Reimers, Nils and Gurevych, Iryna},
  journal={arXiv preprint arXiv:1908.10084},
  year={2019}
}

@article{johnson2019,
  title={Accelerating Machine Learning Workflows with FAISS},
  author={Johnson, Jeff and Douze, Matthijs and J{\'e}gou, Herv{\'e}},
  journal={arXiv preprint arXiv:1702.08734},
  year={2017}
}

@article{streamlit2021,
  title={Streamlit: The fastest way to build data apps},
  author={{Streamlit Team}},
  journal={Streamlit Documentation},
  year={2021},
  url={https://streamlit.io/}
}

@article{huggingface2020,
  title={Datasets: A Community Library for Natural Language Processing},
  author={Lhoest, Quentin and others},
  journal={arXiv preprint arXiv:2109.02846},
  year={2021}
}

@article{maclin2011,
  title={Popular Ensemble Methods: An Empirical Study},
  author={Maclin, Richard and Opitz, David},
  journal={arXiv preprint arXiv:1106.0257},
  year={2011},
  url={https://arxiv.org/abs/1106.0257}
}

@article{devlin2018,
  title={BERT: Pre-training of Deep Bidirectional Transformers for Language Understanding},
  author={Devlin, Jacob and Chang, Ming-Wei and Lee, Kenton and Toutanova, Kristina},
  journal={arXiv preprint arXiv:1810.04805},
  year={2018},
  url={https://arxiv.org/abs/1810.04805}
}

@article{vaswani2017,
  title={Attention Is All You Need},
  author={Vaswani, Ashish and Shazeer, Noam and Parmar, Niki and Uszkoreit, Jakob and Jones, Llion and Gomez, Aidan N and Kaiser, {\L}ukasz and Polosukhin, Illia},
  journal={Advances in Neural Information Processing Systems},
  volume={30},
  year={2017},
  url={https://arxiv.org/abs/1706.03762}
}

@article{kim2014,
  title={Convolutional Neural Networks for Sentence Classification},
  author={Kim, Yoon},
  journal={arXiv preprint arXiv:1408.5882},
  year={2014},
  url={https://arxiv.org/abs/1408.5882}
}

@article{zhang2015,
  title={Character-level Convolutional Networks for Text Classification},
  author={Zhang, Xiang and LeCun, Yann},
  journal={Advances in Neural Information Processing Systems},
  volume={28},
  year={2015},
  url={https://arxiv.org/abs/1509.01626}
}

@article{liu2019,
  title={RoBERTa: A Robustly Optimized BERT Pretraining Approach},
  author={Liu, Yinhan and Ott, Myle and Goyal, Naman and Du, Jingfei and Joshi, Mandar and Chen, Danqi and Levy, Omer and Lewis, Mike and Zettlemoyer, Luke and Stoyanov, Veselin},
  journal={arXiv preprint arXiv:1907.11692},
  year={2019},
  url={https://arxiv.org/abs/1907.11692}
}

@article{he2016,
  title={Deep Residual Learning for Image Recognition},
  author={He, Kaiming and Zhang, Xiangyu and Ren, Shaoqing and Sun, Jian},
  journal={Proceedings of the IEEE Conference on Computer Vision and Pattern Recognition},
  pages={770--778},
  year={2016},
  url={https://arxiv.org/abs/1512.03385}
}

@article{hochreiter1997,
  title={Long Short-Term Memory},
  author={Hochreiter, Sepp and Schmidhuber, J{\"u}rgen},
  journal={Neural Computation},
  volume={9},
  number={8},
  pages={1735--1780},
  year={1997},
  publisher={MIT Press}
}

@article{breiman2001,
  title={Random Forests},
  author={Breiman, Leo},
  journal={Machine Learning},
  volume={45},
  number={1},
  pages={5--32},
  year={2001},
  publisher={Springer}
}

@article{chen2016,
  title={XGBoost: A Scalable Tree Boosting System},
  author={Chen, Tianqi and Guestrin, Carlos},
  journal={Proceedings of the 22nd ACM SIGKDD International Conference on Knowledge Discovery and Data Mining},
  pages={785--794},
  year={2016},
  url={https://arxiv.org/abs/1603.02754}
}

@article{ke2017,
  title={LightGBM: A Highly Efficient Gradient Boosting Decision Tree},
  author={Ke, Guolin and Meng, Qi and Finley, Thomas and Wang, Taifeng and Chen, Wei and Ma, Weidong and Ye, Qiwei and Liu, Tie-Yan},
  journal={Advances in Neural Information Processing Systems},
  volume={30},
  year={2017},
  url={https://arxiv.org/abs/1706.08705}
}

@article{schapire1990,
  title={The Strength of Weak Learnability},
  author={Schapire, Robert E},
  journal={Machine Learning},
  volume={5},
  number={2},
  pages={197--227},
  year={1990},
  publisher={Springer}
}

@article{freund1997,
  title={A Decision-Theoretic Generalization of On-Line Learning and an Application to Boosting},
  author={Freund, Yoav and Schapire, Robert E},
  journal={Journal of Computer and System Sciences},
  volume={55},
  number={1},
  pages={119--139},
  year={1997},
  publisher={Elsevier}
}

@article{cover1967,
  title={Nearest Neighbor Pattern Classification},
  author={Cover, Thomas and Hart, Peter},
  journal={IEEE Transactions on Information Theory},
  volume={13},
  number={1},
  pages={21--27},
  year={1967},
  publisher={IEEE}
}

@article{domingos2012,
  title={A Few Useful Things to Know About Machine Learning},
  author={Domingos, Pedro},
  journal={Communications of the ACM},
  volume={55},
  number={10},
  pages={78--87},
  year={2012},
  publisher={ACM}
}
